@misc{kleiman:2018,
author = {Guillen-Drija, Christian and Quintero, Reynaldo and Kleiman, Asher},
year = {2018},
month = {11},
pages = {},
title = {GraphQL vs REST: una comparación desde la perspectiva de eficiencia de desempeño.},
doi = {10.13140/RG.2.2.25221.19680}
}

@Article{jiang:2018,
AUTHOR = {Jiang, W. and Stefanakis, E.},
TITLE = {A RESTFUL API FOR THE EXTENDED WHAT3WORDS ENCODING},
JOURNAL = {ISPRS Annals of Photogrammetry, Remote Sensing and Spatial Information Sciences},
VOLUME = {IV-4},
YEAR = {2018},
PAGES = {97--104},
URL = {https://www.isprs-ann-photogramm-remote-sens-spatial-inf-sci.net/IV-4/97/2018/},
DOI = {10.5194/isprs-annals-IV-4-97-2018}
}

@online{iso9126,
  author = {{International Organization for Standardization}},
  title = {{ISO/IEC TR 9126-3:2003}},
  year = 2003,
  url = {https://www.iso.org/standard/22891.html},
  urldate = {2019-06-08}
}

@online{iso25010,
  author = {{International Organization for Standardization}},
  title = {{ISO/IEC 25010:2011}},
  year = 2011,
  url = {https://www.iso.org/standard/35733.html},
  urldate = {2019-06-08}
}

@inproceedings{nourjou:2016,
 author = {Nourjou, Reza and Thomas, Joel},
 title = {System Architecture of Cloud-based Web GIS for Real-time Macroeconomic Loss Estimation},
 booktitle = {Proceedings of the 5th ACM SIGSPATIAL International Workshop on Mobile Geographic Information Systems},
 series = {MobiGIS '16},
 year = {2016},
 isbn = {978-1-4503-4582-8},
 location = {Burlingame, California},
 pages = {56--63},
 numpages = {8},
 url = {http://doi.acm.org/10.1145/3004725.3004731},
 doi = {10.1145/3004725.3004731},
 acmid = {3004731},
 publisher = {ACM},
 address = {New York, NY, USA},
 keywords = {API, GIS web services, cloud computing, macroeconomic loss estimation, real-time, situational awareness, spatial database service, system design and architecture, web GIS, web data, web map},
} 

@online{graphql:2019,
  author = {{GraphQL}},
  title = {{GraphQL is the better REST}},
  url = {https://www.howtographql.com/basics/1-graphql-is-the-better-rest/},
  urldate = {2019-06-14}
}

@book{masse2011rest,
  title={REST API Design Rulebook: Designing Consistent RESTful Web Service Interfaces},
  author={Masse, Mark},
  year={2011},
  publisher={" O'Reilly Media, Inc."}
}

@misc{ritsila2018graphql,
  title={GraphQL: The API Design Revolution},
  author={Ritsil{\"a}, Aleksi},
  year={2018},
  publisher={Haaga-Helia ammattikorkeakoulu}
}

@online{docker:2019,
  author = {{DockerHub}},
  title = {{Postgres}},
  url = {https://hub.docker.com/\_/postgres},
  urldate = {2019-06-10}
}

@online{CEPAberto:2019,
  author = {{CEP Aberto}},
  title = {{CEP Aberto - Códigos de Endereçamento Postal (CEP) geolocalizados de todo o Brasil}},
  url = {https://www.cepaberto.com},
  urldate = {2019-06-16}
}

@online{OSM:2019,
  author = {{OSM}},
  title = {{OpenStreetMap}},
  url = {https://www.openstreetmap.org/about},
  urldate = {2019-06-16}
}

@online{HereTech:2019,
  author = {{Here Technologies}},
  title = {{Location Services - Places}},
  url = {https://www.here.com/products/location-based-services/poi-tools},
  urldate = {2019-06-16}
}

@online{TomTom:2019,
  author = {{TomTom}},
  title = {{Maps - Search API}},
  url = {https://maps.tomtom.com/onlinesearch/},
  urldate = {2019-06-16}
}

@online{GoogleMaps:2019,
  author = {{Google}},
  title = {{Google Maps Platform - Places}},
  url = {https://cloud.google.com/maps-platform/places/?hl=pt-br},
  urldate = {2019-06-16}
}

@online{Python:2019,
  author = {{Python}},
  title = {{Python}},
  url = {https://www.python.org/},
  urldate = {2019-06-16}
}

@online{Flask:2019,
  author = {{Flask}},
  title = {{Flask web development, one drop at a time}},
  url = {http://flask.pocoo.org/},
  urldate = {2019-06-16}
}

@online{ArcGISAPIREST:2019,
  author = {{ESRI}},
  title = {{ArcGIS REST API}},
  url = {https://developers.arcgis.com/rest/},
  urldate = {2019-06-16}
}

@online{MapQuestAPIREST:2019,
  author = {{MapQuest}},
  title = {{MapQuest REST API}},
  url = {https://www.api-rest.com/apis/api-463-mapquest-technology},
  urldate = {2019-06-16}
}

@online{w3wAPI:2019,
  author = {{w3w}},
  title = {{what3words API}},
  url = {https://www.api-rest.com/apis/api-463-mapquest-technology},
  urldate = {2019-06-16}
}

@online{PostgreSQL:2019,
  author = {{PostgreSQL}},
  title = {{PostgreSQL:The World's Most Advanced Open Source Relational Database}},
  url = {https://www.postgresql.org/},
  urldate = {2019-06-16}
}